<?xml version="1.0" encoding="UTF-8"?><collection xmlns="http://www.loc.gov/MARC21/slim"><record><leader>00383nam--2200157-i-4500</leader><controlfield tag="001">000032299</controlfield><controlfield tag="002">20161230</controlfield><controlfield tag="005">20170306184801</controlfield><controlfield tag="008">060222s1000------------r-----000-0-eng-d</controlfield><datafield ind1=" " ind2=" " tag="080"><subfield code="a">621.38(061.3)</subfield></datafield><datafield ind1=" " ind2=" " tag="245"><subfield code="a">Microminiaturization</subfield></datafield><datafield ind1=" " ind2=" " tag="260"><subfield code="a">Oxford</subfield><subfield code="b">Pergamon Press</subfield><subfield code="c">1962</subfield></datafield><datafield ind1=" " ind2=" " tag="300"><subfield code="a">X+355 p</subfield></datafield><datafield ind1=" " ind2=" " tag="700"><subfield code="a">Dummer, Geoffrey W. A</subfield></datafield><datafield ind1=" " ind2=" " tag="852"><subfield code="a">77590</subfield></datafield><datafield ind1=" " ind2=" " tag="CAT"><subfield code="a">SYS</subfield><subfield code="c">20170306</subfield><subfield code="h">184801</subfield></datafield></record></collection>